@BOOK{Simpson2017,
  title = {Practical Finite Element Modeling in Earth Science using MATLAB},
  publisher = {Wiley Blackwell},
  year = {2017},
  author = {Guy Simpson},
  address = {Geneva, Switzerland}
}

@BOOK{Heinrich2017,
  title = {The Finite Element Method: Basic Concepts and Applications
  with MATLAB, MAPLE, and COMSOL},
  edition = {3rd},
  publisher = {CRC Press},
  year = {2017},
  author = {Darrel W. Pepper and Juan C. Heinrich},
  address = {Boca Raton}
}